@manual{RFC_7478,
    title = {WebRTC},
    note = {\url{https://tools.ietf.org/html/rfc7478}}
}

@manual{RFC_8831,
    title = {WebRTC DataChannel},
    note = {\url{https://tools.ietf.org/html/rfc8831}}
}

@manual{ICE,
    title = {ICE},
    note = {\url{https://tools.ietf.org/html/rfc8445}},
}

@manual{BEP,
    title = {BEP44},
    note = {\url{https://www.bittorrent.org/beps/bep_0044.html}},
}

@manual{TURN,
    title = {TURN},
    note = {\url{https://tools.ietf.org/html/rfc5766}},
}

@manual{WebSocket,
    title = {WebSocket},
    note = {\url{https://tools.ietf.org/html/rfc6455}},
}